%---------------------------------------------------------------------------------------------------
%	bibliography.bib
%
% This is the bibliography database file. Users must write here the references to other
% documents/papers in order to build the final bibliography.
%
% Author:  Andrea Meneghinello
% Version: 0.1
% Table of changes:
%		15/03/2016 -> document definition
%---------------------------------------------------------------------------------------------------
@misc{itilProcessModel,
	author = {ILX group},
	title = {\ac{itil} version 3 process model},
	month = {March},
	year = {2011},
	howpublished = {\url{https://www.ilxgroup.com/pdf/itil-process-model-uk.pdf}}
}

@misc{availabilityCapacityProcesses,
	title = {Capacity and Availability Management in the \ac{itil} framework},
	howpublished = {\url{http://itq.ch/pdf/cmmi/CMMI-SVC\%20baseline\%20for\%20review\%20v0.5.3_T22.pdf}}
}

@article{nistCloudComputing,
	title = {The \ac{nist} definition of cloud computing},
	author = {Mell, Peter and Grance, Tim},
	year = {2011},
	publisher = {Computer Security Division, Information Technology Laboratory, National Institute of
		Standards and Technology Gaithersburg}
}

@misc{netflixZynga,
	title = {Netflix vs Zynga: OPEX vs CAPEX, du bon ou mauvais usage du cloud public},
	howpublished={\url{http://nauges.typepad.com/my_weblog/2015/05/netflix-vs-zynga-opex-vs-capex-du-
		bon-ou-mauvais-usage-du-cloud-public.html}}
}

@misc{dropboxAWS,
	title = {Dropbox at AWS re:invent 2014},
	howpublished = {\url{https://blogs.dropbox.com/tech/2014/12/aws-reinvent-2014/}}
}

@misc{cloudCharacteristics,
	title = {Basics of cloud computing},
	howpublished = {\url{http://www.slideshare.net/anshib/basics-of-cloud-omputing}}
}

@misc{cloudServiceModels,
	title = {Un'altra classificazione del cloud: \ac{iaas}, \ac{paas} e \ac{saas}},
	howpublished = {\url{http://www.internetpost.it/classificazione-cloud-iaas-paas-saas/}}
}

@misc{spiRepsonabilities,
	title = {Windows azure \ac{iaas} vs. \ac{paas} vs. \ac{saas}},
	howpublished = {\url{http://robertgreiner.com/2014/03/windows-azure-iaas-paas-saas-overview/}}
}

@misc{differenceIaasPaas,
	title = {The difference between \ac{iaas} and \ac{paas}},
	howpublished = {\url{http://www.qrimp.com/blog/blog.The-Difference-between-IaaS-and-PaaS.html}}
}

@misc{googleAppEngine,
	title = {Google App Engine homepage},
	howpublished = {\url{http://code.google.com/appengine/}}
}

@misc{windowsAzure,
	title = {Microsoft Windows Azure homepage},
	howpublished = {\url{http://www.microsoft.com/windowsazure/}}
}

@misc{salesforcePlatform,
	title = {Saleforce.com platform homepage},
	howpublished = {\url{http://www.salesforce.com/platform/}}
}

@misc{vendorLockin,
	title = {Coghead's demise highlights \ac{paas} lock-out risk},
	howpublished = {\url{http://www.zdnet.com/article/cogheads-demise-highlights-paas-lock-out-risk/}}
}

@misc{menumatecaseStudy,
	title = {Menumate homepage},
	howpublished = {\url{http://www.menumate.com/}}
}

@misc{trineoCaseStudy,
	title = {Trineo software-house homepage},
	howpublished = {\url{http://trineo.co.nz/}}
}

@article{vmArchitecture,
	title = {The architecture of virtual machines},
	author = {Smith, James E and Nair, Ravi},
	journal = {Computer},
	volume = {38},
	number = {5},
	pages = {32--38},
	year = {2005},
	publisher = {IEEE}
}

@mastersthesis{gardimanThesis,
	author = {Andrea Gardiman},
	title = {Scaling Virtual Machine deployment in an open-source cloud stack},
	school = {Department of Mathematics - Master Degree in Computer Science},
	year = {2014 - 2015}
}

@misc{virtualizationTypes,
	title = {Understaing virtualization types},
	howpublished = {\url{http://www.enterprisedaddy.com/2016/03/70-410-exam-objective-3-1-create-and-
	configur-virtual-machines-settings/}}
}

@misc{solarisContainers,
	title = {Oracle solaris containers},
	howpublished = {\url{http://www.oracle.com/technetwork/server-storage/solaris/containers-169727.html}}
}

@misc{bsdContainers,
	title = {BSD jails containers},
	howpublished = {\url{https://www.freebsd.org/doc/handbook/jails.html}}
}

@misc{vserverContainers,
	title = {Linux-Vserver containers},
	howpublished = {\url{http://linux-vserver.org/Welcome_to_Linux-VServer.orgl}}
}

@misc{openvzContainers,
	title = {OpenVZ containers},
	howpublished = {\url{http://openvz.org/Main_Page}}
}

@book{michaeljang2006,
	author = {Michael Jang},
	title = {Linux annoyance for geeks},
	publisher = {O-really},
	year = {2006}
}

@misc{virtualizationLevel,
	title = {Cenni sulla virtualizzazione},
	howpublished = {\url{http://www.math.unipd.it/~tullio/SCD/2014/}}
}

@misc{dockerDataCentrePresentation,
	title = {Introducting docker data-center to power your on-premises CaaS},
	howpublished = {\url{https://blog.docker.com/2016/02/docker-datacenter-caas/}}
}

@misc{microsftCloudNewJob,
	title = {Cloud computing to create 14 million new jobs by 2015},
	howpublished = {\url{http://news.microsoft.com/2012/03/05/cloud-computing-to-create-14-million-new-jobs-by-2015/}}
}

@misc{cloudUnitHomepage,
	title = {CloudUnit a \ac{paas} for Java applications},
	howpublished = {\url{http://cloudunit.fr/}}
}

@misc{dockerDataCentre,
	title = {Docker datacenter homepage},
	howpublished = {\url{https://www.docker.com/products/docker-datacenter}}
}

@misc{dockerDataCentreArchitecture,
	title = {Introducing Docker datacenter to power your on-premises \ac{caas}},
	howpublished = {\url{https://blog.docker.com/2016/02/docker-datacenter-caas/}}
}

@article{munozsurvey,
	title = {A Survey on Elasticity Management in the PaaS Service Model},
	author = {Munoz-Esco{\i}, Francesc D and Bernabeu-Aub{\'a}n, Jos{\'e} M}
}

@inproceedings{herbst2013elasticity,
	title = {Elasticity in Cloud Computing: What It Is, and What It Is Not.},
	author = {Herbst, Nikolas Roman and Kounev, Samuel and Reussner, Ralf H},
	booktitle = {ICAC},
	pages = {23--27},
	year = {2013}
}

@techreport{ibm2005architectural,
	added-at = {2014-01-17T12:38:51.000+0100},
	biburl = {http://www.bibsonomy.org/bibtex/2b8236ca7e0787b8444b6a68afe438b85/trianam},
	editor = {IBM},
	institution = {IBM},
	interhash = {eb2612281c71d5a2255f641aa22bfee7},
	intrahash = {b8236ca7e0787b8444b6a68afe438b85},
	keywords = {architectural autonomic blueprint computing},
	month = jun,
	timestamp = {2014-01-17T12:38:51.000+0100},
	title = {An Architectural Blueprint for Autonomic Computing},
	year = 2005
}